@article{kenski2019ensino,
  title={Ensino superior em tempos mediados pelas tecnologias digitais},
  author={Kenski, Vani Moreira and Medeiros, Rosangela Ara{\'u}jo and Ord{\'e}as, Jean},
  journal={Trabalho \& Educa{\c{c}}{\~a}o},
  volume={28},
  number={1},
  pages={141--152},
  year={2019}
}
@article{wing2006computational,
  title={Computational thinking},
  author={Wing, Jeannette M},
  journal={Communications of the ACM},
  volume={49},
  number={3},
  pages={33--35},
  year={2006},
  publisher={ACM New York, NY, USA}
}
